<collection xmlns="http://www.loc.gov/MARC21/slim">
<record>
  <leader>01691nam0a2200301 i 450 </leader>
  <controlfield tag="001">IT\ICCU\CNCE\002452</controlfield>
  <controlfield tag="005">20160111000000.0</controlfield>
  <datafield tag="012" ind1=" " ind2=" ">
    <subfield code="a">o,le sica tera defo (C) 1544 (R)</subfield>
    <subfield code="2">fei</subfield>
  </datafield>
  <datafield tag="100" ind1=" " ind2=" ">
    <subfield code="a">19970101d1544        0itac0103    ba</subfield>
  </datafield>
  <datafield tag="101" ind1=" " ind2=" ">
    <subfield code="a">ITA</subfield>
  </datafield>
  <datafield tag="102" ind1=" " ind2=" ">
    <subfield code="a">IT</subfield>
  </datafield>
  <datafield tag="200" ind1="1" ind2=" ">
    <subfield code="a">Tre primi canti di Marfisa del diuino Pietro Aretino. Nuouamente stampati et historiati</subfield>
  </datafield>
  <datafield tag="210" ind1=" " ind2=" ">
    <subfield code="e">Stampata in Vinegia</subfield>
    <subfield code="g">per Giouanne Andrea Vauassore ditto Guadagnino</subfield>
    <subfield code="h">&amp; Florio fratelli</subfield>
    <subfield code="h">nelli anni del Signore 1544</subfield>
  </datafield>
  <datafield tag="215" ind1=" " ind2=" ">
    <subfield code="a">\52! c.</subfield>
    <subfield code="c">ill.</subfield>
    <subfield code="d">8ʻ</subfield>
  </datafield>
  <datafield tag="620" ind1=" " ind2=" ">
    <subfield code="a">IT</subfield>
    <subfield code="d">Venezia</subfield>
  </datafield>
  <datafield tag="700" ind1=" " ind2="1">
    <subfield code="a">Aretino,</subfield>
    <subfield code="b">Pietro</subfield>
    <subfield code="3">IT\ICCU\CNCA\000846</subfield>
  </datafield>
  <datafield tag="712" ind1="0" ind2="0">
    <subfield code="a">Valvassori, Giovanni Andrea &amp; Valvassori, Florio</subfield>
    <subfield code="3">IT\ICCU\CNCT\000721</subfield>
    <subfield code="4">650</subfield>
  </datafield>
  <datafield tag="790" ind1=" " ind2="0">
    <subfield code="a">Partenio Etiro</subfield>
    <subfield code="3">IT\ICCU\CNCA\022629</subfield>
    <subfield code="z">Aretino, Pietro</subfield>
  </datafield>
  <datafield tag="791" ind1="0" ind2="0">
    <subfield code="a">Valvassori, Florio</subfield>
    <subfield code="3">IT\ICCU\CNCT\000722</subfield>
    <subfield code="z">Valvassori, Giovanni Andrea &amp; Valvassori, Florio</subfield>
  </datafield>
  <datafield tag="791" ind1="0" ind2="0">
    <subfield code="a">Vavasorius, Ioannes Andreas &amp; Vavasorius, Florius</subfield>
    <subfield code="3">IT\ICCU\CNCT\004149</subfield>
    <subfield code="z">Valvassori, Giovanni Andrea &amp; Valvassori, Florio</subfield>
  </datafield>
  <datafield tag="801" ind1=" " ind2="3">
    <subfield code="a">IT</subfield>
    <subfield code="b">ICCU</subfield>
    <subfield code="c">20201113</subfield>
  </datafield>
  <datafield tag="899" ind1=" " ind2=" ">
    <subfield code="a">Biblioteca Apostolica Vaticana. Citt ̉del Vaticano</subfield>
    <subfield code="z">MUTILO</subfield>
    <subfield code="1">EX0001</subfield>
    <subfield code="2">ZCV 01</subfield>
  </datafield>
  <datafield tag="899" ind1=" " ind2=" ">
    <subfield code="a">Biblioteca nazionale centrale. Firenze</subfield>
    <subfield code="z">MUTILO</subfield>
    <subfield code="1">FI0098</subfield>
    <subfield code="2">CFI CF</subfield>
  </datafield>
  <datafield tag="899" ind1=" " ind2=" ">
    <subfield code="a">Archivio storico civico e Biblioteca Trivulziana. Milano</subfield>
    <subfield code="1">MI0327</subfield>
    <subfield code="2">LO1 13</subfield>
  </datafield>
  <datafield tag="899" ind1=" " ind2=" ">
    <subfield code="a">Biblioteca dell&apos;Accademia nazionale dei Lincei e Corsiniana. Roma</subfield>
    <subfield code="1">RM0418</subfield>
    <subfield code="2">RML 10</subfield>
  </datafield>
  <datafield tag="899" ind1=" " ind2=" ">
    <subfield code="a">Biblioteche della Fondazione Giorgio Cini onlus. Venezia</subfield>
    <subfield code="1">VE0239</subfield>
    <subfield code="2">VEA FC</subfield>
  </datafield>
  <datafield tag="911" ind1=" " ind2=" ">
    <subfield code="a">In fine</subfield>
    <subfield code="9">IT\ICCU\CNCM\002558</subfield>
  </datafield>
  <datafield tag="921" ind1=" " ind2=" ">
    <subfield code="a">IT\ICCU\CNCM\002558</subfield>
    <subfield code="b">Cuore con croce doppia ed iniziali Z.A.V. in scudo con castello sormontato da giglio.</subfield>
    <subfield code="c">U1074</subfield>
    <subfield code="f">CUORE</subfield>
    <subfield code="f">CROCE</subfield>
    <subfield code="f">ZAV</subfield>
    <subfield code="f">CASTELLO</subfield>
    <subfield code="f">SCUDO</subfield>
    <subfield code="g">1544-1546</subfield>
  </datafield>
</record>
</collection>
